<?xml version="1.0" encoding="UTF-8"?><collection><record><leader>09503ntm a2200721 a 4500</leader><controlfield tag="001">006817696</controlfield><controlfield tag="003">MiAaHDL</controlfield><controlfield tag="005">20190719000000.0</controlfield><controlfield tag="006">m        d        </controlfield><controlfield tag="007">cr bn ---auaua</controlfield><controlfield tag="008">090611s15uu    xx            00| ||per d</controlfield><datafield tag="035" ind1=" " ind2=" "><subfield code="a">(MiU)006817696</subfield></datafield><datafield tag="035" ind1=" " ind2=" "><subfield code="a">sdr-miu006817696</subfield></datafield><datafield tag="040" ind1=" " ind2=" "><subfield code="a">MiU</subfield><subfield code="c">MiU</subfield><subfield code="e">amremm</subfield></datafield><datafield tag="041" ind1="0" ind2=" "><subfield code="a">per</subfield><subfield code="a">ara</subfield></datafield><datafield tag="043" ind1=" " ind2=" "><subfield code="a">n-us-mi</subfield><subfield code="a">a-ir---</subfield></datafield><datafield tag="100" ind1="1" ind2=" "><subfield code="6">880-01</subfield><subfield code="a">Anṣārī Shīrāzī, ʻAlī ibn Ḥusayn,</subfield><subfield code="d">ca. 1329-1403 or 4.</subfield></datafield><datafield tag="245" ind1="1" ind2="0"><subfield code="6">880-03</subfield><subfield code="a">Ikhtiyārāt-i badīʻī,</subfield><subfield code="f">[16th century?].</subfield></datafield><datafield tag="246" ind1="3" ind2=" "><subfield code="a">متن اختيارات</subfield></datafield><datafield tag="246" ind1="3" ind2=" "><subfield code="i">Title from illuminated opening of gloss on p.30:</subfield><subfield code="a">حاشیه اختیارات</subfield></datafield><datafield tag="246" ind1="3" ind2=" "><subfield code="i">Title from illuminated headpiece at opening on p.30:</subfield><subfield code="a">متن اختیارات</subfield></datafield><datafield tag="246" ind1="3" ind2=" "><subfield code="i">Title from rubricated inscription on 'title page' (p.29):</subfield><subfield code="a">اختیارات بدیعی از طب مفردات</subfield></datafield><datafield tag="246" ind1="3" ind2=" "><subfield code="i">Title from inscription in blue ink on upper board lining:</subfield><subfield code="a">اختيارات بديعى</subfield></datafield><datafield tag="260" ind1=" " ind2=" "><subfield code="c">[15--?].</subfield></datafield><datafield tag="300" ind1=" " ind2=" "><subfield code="a">377 leaves :</subfield><subfield code="b">paper ;</subfield><subfield code="c">177 x 115 (102 x 53, 148 x 75) mm.</subfield></datafield><datafield tag="500" ind1=" " ind2=" "><subfield code="a">Shelfmark: Ann Arbor, University of Michigan, Special Collections Library, Isl. Ms. 670</subfield></datafield><datafield tag="500" ind1=" " ind2=" "><subfield code="a">Origin: As appears in colophon on p.753, copied by ʻImād ibn Muḥamad ʻImād. Date of transcription not specified. Paper, decoration, etc. suggests 16th or early 17th century. Ownership statement provides a terminus ante quem of 1629.</subfield></datafield><datafield tag="500" ind1=" " ind2=" "><subfield code="a">Accompanying materials: a. Acquisitions slip from Yahuda -- b. Inventory cataloguing slip in hand of Winifred Smeaton Thomas.</subfield></datafield><datafield tag="500" ind1=" " ind2=" "><subfield code="a">Former shelfmark: From upper board lining and spine label, "IL 9" (likely supplied by Yahuda, see acquisitions slip).</subfield></datafield><datafield tag="500" ind1=" " ind2=" "><subfield code="a">Binding: Pasteboards covered in dark red-brown leather ; Type II binding (with flap, now fully detached) ; currently two piece binding (overlapping flanges visible at spine, may represent repair / reback) ; board linings in peach laid paper, hinges in yellow paper ; upper and lower covers carry stamped (and once gold-painted) scalloped mandorla filled with vegetal composition (compare Déroche class. OAi 7) set off by gold-painted strokes, tooled rosettes and chain border ; design continues on flap ; sewn in golden yellow thread, two stations, sewing failing ; worked endbands in golden yellow and metallic threads, only primaries and core with a few threads of headband remain, primaries sewn through textile spine lining ; overall in somewhat poor condition with flap fully detached from lower cover, cover almost fully detached from text block at spine except for intact primaries at headband, extensive abrasion, some lifting and losses of leather, etc. ; extensive repairs (also damaged) in brown leather including edging (which has been tooled in a series of s-shaped stamps) on upper and lower covers as well as head and tail of fore edge flap and likely reback ; housed in box for protection.</subfield></datafield><datafield tag="500" ind1=" " ind2=" "><subfield code="a">Support: non-European (likely Persian) laid paper with roughly 8 laid lines per cm. (vertical, somewhat indistinct, fairly straight) and chain lines (possibly grouped in pairs) occasionally visible, cloudy formation, thin and transluscent though sturdy, well-burnished, dark cream to beige in color ; back flyleaf in European laid paper with anchor in circle watermark.</subfield></datafield><datafield tag="500" ind1=" " ind2=" "><subfield code="a">Decoration: Elegant illuminated headpiece (ʻunwān / sarlawḥ) at opening on p.30 consisting of rectangular piece with almond-shaped gold cartouche carrying title and flanking pieces all evoking bookcover design, set in field of dark blue with delicate vegital motifs in gold, green, red, white, light blue and yellow, bordered in band of dark blue with white crosses and dots flanked by two narrow gold bands ; written area and ruled margins surrounded by gold frame with outermost blue rule, narrower gold band defines central written area and triangular accents on margins within (occasionally filled with floral motifs) ; keywords rubricated ; textual dividers in the form of three dots in red</subfield></datafield><datafield tag="500" ind1=" " ind2=" "><subfield code="a">Script: Nastaʻlīq ; small compact Persianate hand in a medium line ; characteristically serifless with slight effect of inclination to the left and of words descending to baseline, elongation of horizontal strokes, pointing in distinct dots</subfield></datafield><datafield tag="500" ind1=" " ind2=" "><subfield code="a">Layout: Written in 51 lines per page, 17 lines in central written area and 34 lines of gloss on the diagonal in the ruled margins ; frame-ruled.</subfield></datafield><datafield tag="500" ind1=" " ind2=" "><subfield code="a">Collation: IV-2 (6), 21 IV (174), IV+1 (183), III (189), III+1 (196), 2 III (202), 5 IV (248), III + 1 (255), 14 IV (372), III-1 (376), i ; leaves between opening contents listing and opening of text originally left blank (pp.21-29) ; middle of the quire marks in the form of ه (numeral khamsah or letter hāʼ) in black ink in the upper outer corner of the left-hand leaf ; catchwords present ; foliation in red ink, Hindu-Arabic numerals from pp.353-377 and in black ink from pp.379-753, beginning with Arabic numeral 38 ; pagination in pencil, Western numerals, supplied during cataloguing.</subfield></datafield><datafield tag="500" ind1=" " ind2=" "><subfield code="a">Colophon: "Scribal," mainly Arabic, reads "تمت الكتاب بعون الله الملك الوهاب والحمد لله اولا واخرا وظاهرا وباطنا وصلى الله على محمد واله الطيبين وعترته الطاهرين اجمعين وسلم تسليما كثيرا كثيرا على يد الفقير الحقير تراب اقدام الفضلا عماد بن محمد عماد ... گر بهم برزده بینی خط من عیب مکن که مرا محنت ایام بهم برزده است"</subfield></datafield><datafield tag="500" ind1=" " ind2=" "><subfield code="a">Incipit: [matn] "بسم الله الرحمن الرحیم رب سهل و تمم بالخیر الحمد لمن وفقنا امداد حمد بی عد و اعداد سپاس بی قیاس مبدعی را که آثار ابداع او بر هر ورقی از اوراق و شجری از اشجار سمت ..." ; [ḥashiyah] "و به نستعين حمد و سپاس عتاری را جل جلاله و عم نواله و عظم شانه ..."</subfield></datafield><datafield tag="500" ind1=" " ind2=" "><subfield code="a">Title from rubricated inscription on 'title page' (p.29).</subfield></datafield><datafield tag="500" ind1=" " ind2=" "><subfield code="a">Ms. codex.</subfield></datafield><datafield tag="510" ind1="4" ind2=" "><subfield code="a">Ḥājji Zayn al-ʻAṭṭār al-Anṣārī, ʻAlī ibn al-Ḥusayn. Ikhtiyārāt-i badīʻī. Cawnpore, 1888.</subfield></datafield><datafield tag="510" ind1="4" ind2=" "><subfield code="a">Ḥājjī Khalīfah. Kashf al-ẓunūn,</subfield><subfield code="c">i 197</subfield></datafield><datafield tag="510" ind1="4" ind2=" "><subfield code="a">Rieu, Catalogue of the Persian manuscripts in the British Museum,</subfield><subfield code="c">v.2, p.469 (Add. 16748)</subfield></datafield><datafield tag="510" ind1="4" ind2=" "><subfield code="a">Storey, Persian literature: a bio-bibliographical survey,</subfield><subfield code="c">vol. 2, p. 220</subfield></datafield><datafield tag="520" ind1="8" ind2=" "><subfield code="a">Fine copy of a work of materia medica (pharmacopoeia) by ʻAlī ibn al-Ḥusayn al-Anṣārī known as Ḥājjī Zayn al-ʻAṭṭār (d.1403 or 4) with extensive gloss on the margins. Opens with acephalous contents listing (p.1-21). Contributions to the cataloguing from Elizabeth Kunze.</subfield></datafield><datafield tag="538" ind1=" " ind2=" "><subfield code="a">Mode of access: Internet.</subfield></datafield><datafield tag="541" ind1=" " ind2=" "><subfield code="a">Acquired in 1926 from the bookseller Isaac Benjamin S.E. Yahuda via purchase transacted on his behalf by Abraham Shalom Yahuda (1877-1951), his younger brother.</subfield></datafield><datafield tag="546" ind1=" " ind2=" "><subfield code="a">Persian and Arabic.</subfield></datafield><datafield tag="561" ind1=" " ind2=" "><subfield code="a">Three magic squares (awfāq) of order four on upper board lining, one complete and two incomplete ; former owners' marks on 'title page' include ownership / purchase statement dated Shaʻbān 1038 [March-April 1629] in name of Muḥammad al-Muʻīd al-Anjīrī [?] "تملك وتشرف به احوج العبيد الى الملك المجيد محمد المعيد الابخري القاضى الحالى بدار السلطنه القسطنطنيه المحروسه بنصف ... المبلغ فى شعبان من ثمان وثلثين والف" and statement in name of ʻAbd Allāh ibn ʻAbd Allāh known as Ibn Bahāʼ al-Dīn al-ʻUmarī al-Khālidī reads "فى عوارى الدهر وودايع العصر لدى العبد الفقير عبد الله بن عبد الله الشهير بابن بها الدين العمرى الخالدى غفى عنه" as well as seal impression in name of Șeyh Süleyman Evliya "خادم القرآن ابو الوفاء الشيخ سليمان اوليا ١١١٠" ; scribal verses following colophon at close on p.753 "گر بهم برزده بینی خط من عیب مکن که مرا محنت ایام بهم برزده است" ; occasional marginal corrections.</subfield></datafield><datafield tag="650" ind1=" " ind2="0"><subfield code="a">Manuscripts, Persian</subfield><subfield code="z">Michigan</subfield><subfield code="z">Ann Arbor.</subfield></datafield><datafield tag="650" ind1=" " ind2="0"><subfield code="a">Medicinal plants</subfield><subfield code="v">Early works to 1800.</subfield></datafield><datafield tag="650" ind1=" " ind2="0"><subfield code="a">Materia medica</subfield><subfield code="v">Early works to 1800.</subfield></datafield><datafield tag="650" ind1=" " ind2="0"><subfield code="a">Pharmacopoeias</subfield><subfield code="v">Early works to 1800.</subfield></datafield><datafield tag="650" ind1=" " ind2="0"><subfield code="a">Materia medica, Vegetable</subfield><subfield code="z">Iran</subfield><subfield code="v">Early works to 1800.</subfield></datafield><datafield tag="655" ind1=" " ind2="7"><subfield code="a">Headpieces (illuminated)</subfield><subfield code="y">16th century.</subfield><subfield code="2">aat</subfield></datafield><datafield tag="700" ind1="0" ind2=" "><subfield code="6">880-07</subfield><subfield code="a">ʻAbd Allāh ibn ʻAbd Allāh Ibn Bahāʼ al-Dīn al-ʻUmarī al-Khālidī,</subfield><subfield code="e">former owner.</subfield></datafield><datafield tag="700" ind1="0" ind2=" "><subfield code="6">880-06</subfield><subfield code="a">Muḥammad al-Anjīrī,</subfield><subfield code="d">fl. 1629,</subfield><subfield code="e">former owner.</subfield></datafield><datafield tag="700" ind1="0" ind2=" "><subfield code="6">880-05</subfield><subfield code="a">ʻImād ibn Muḥamad ʻImād,</subfield><subfield code="e">scribe.</subfield></datafield><datafield tag="773" ind1="0" ind2=" "><subfield code="a">Yahuda Collection.</subfield></datafield><datafield tag="880" ind1="0" ind2=" "><subfield code="6">700-07/</subfield><subfield code="a">عبد الله بن عبد الله ابن بهاء الدين العمري الخالدي،</subfield><subfield code="e">مالك سابق.</subfield></datafield><datafield tag="880" ind1="0" ind2=" "><subfield code="6">700-06/</subfield><subfield code="a">محمد الانجیری</subfield><subfield code="e">مالك سابق.</subfield></datafield><datafield tag="880" ind1="0" ind2=" "><subfield code="6">700-05/</subfield><subfield code="a">عماد بن محمد عماد،</subfield><subfield code="e">ناسخ.</subfield></datafield><datafield tag="880" ind1="1" ind2="0"><subfield code="6">245-03/</subfield><subfield code="a">اختیارات بدیعی,</subfield><subfield code="f">[قرن 16م؟].</subfield></datafield><datafield tag="880" ind1="1" ind2=" "><subfield code="6">100-01/</subfield><subfield code="a">انصارى شيرازى، على بن حسين.</subfield></datafield><datafield tag="CID" ind1=" " ind2=" "><subfield code="a">006817696</subfield></datafield><datafield tag="DAT" ind1="0" ind2=" "><subfield code="a">20190719102639.0</subfield><subfield code="b">20190719000000.0</subfield></datafield><datafield tag="DAT" ind1="1" ind2=" "><subfield code="a">20190719090653.0</subfield><subfield code="b">2019-07-19T16:11:59Z</subfield></datafield><datafield tag="DAT" ind1="2" ind2=" "><subfield code="a">2015-10-10T18:00:06Z</subfield></datafield><datafield tag="CAT" ind1=" " ind2=" "><subfield code="a">SDR-MIU</subfield><subfield code="d">EX LIBRIS - ALEPH</subfield><subfield code="l">prepare.pl-004-008</subfield></datafield><datafield tag="FMT" ind1=" " ind2=" "><subfield code="a">BK</subfield></datafield><datafield tag="HOL" ind1=" " ind2=" "><subfield code="0">sdr-miu006817696</subfield><subfield code="a">MiU</subfield><subfield code="b">SDR</subfield><subfield code="c">MIU</subfield><subfield code="p">mdp.39015079129758</subfield><subfield code="s">MIU</subfield><subfield code="1">006817696</subfield></datafield><datafield tag="974" ind1=" " ind2=" "><subfield code="b">MIU</subfield><subfield code="c">MIU</subfield><subfield code="d">20190719</subfield><subfield code="s">lit-dlps-dc</subfield><subfield code="u">mdp.39015079129758</subfield><subfield code="y">1599</subfield><subfield code="r">pd</subfield><subfield code="q">bib</subfield><subfield code="t">non-US bib date1 &lt; 1879</subfield></datafield></record></collection>